@inproceedings{informer,
  author    = {Haoyi Zhou and
               Shanghang Zhang and
               Jieqi Peng and
               Shuai Zhang and
               Jianxin Li and
               Hui Xiong and
               Wancai Zhang},
  title     = {Informer: Beyond Efficient Transformer for Long Sequence Time-Series Forecasting},
  booktitle = {The Thirty-Fifth {AAAI} Conference on Artificial Intelligence, {AAAI} 2021, Virtual Conference},
  volume    = {35},
  number    = {12},
  pages     = {11106--11115},
  publisher = {{AAAI} Press},
  year      = {2021},
}

@inproceedings{performer,
  title     = {Rethinking Attention with Performers},
  author    = {Choromanski, Krzysztof and Likhosherstov, Valentin and Dohan, David and Song, Xingyou and Gane, Alex and Sarlos, Tamas and Hawkins, Peter and Davis, Jared and Mohiuddin, Afroz and Kaiser, {\L}ukasz and Belanger, David and Colwell, Lucy and Weller, Adrian},
  booktitle = {Proceedings of the International Conference on Learning Representations (ICLR)},
  year      = {2020},
  note      = {arXiv:2009.14794},
  url       = {https://arxiv.org/abs/2009.14794}
}

@inproceedings{autoformer,
  title={Autoformer: Decomposition Transformers with {Auto-Correlation} for Long-Term Series Forecasting},
  author={Haixu Wu and Jiehui Xu and Jianmin Wang and Mingsheng Long},
  booktitle={Advances in Neural Information Processing Systems},
  year={2021}
}

@inproceedings{transformer,
  title     = {Attention Is All You Need},
  author    = {Vaswani, Ashish and Shazeer, Noam and Parmar, Niki and Uszkoreit, Jakob and Jones, Llion and Gomez, Aidan N. and Kaiser, {\L}ukasz and Polosukhin, Illia},
  booktitle = {Advances in Neural Information Processing Systems (NeurIPS)},
  volume    = {30},
  year      = {2017},
}

@article{adam,
  title={Adam: A method for stochastic optimization},
  author={Kingma, Diederik P. and Ba, Jimmy},
  journal={International Conference on Learning Representations (ICLR)},
  year={2015}
}

@inproceedings{pytorch,
  title     = {PyTorch: An Imperative Style, High-Performance Deep Learning Library},
  author    = {Paszke, Adam and Gross, Sam and Massa, Francisco and Lerer, Adam and Bradbury, James and Chanan, Gregory and Killeen, Trevor and Lin, Zeming and Gimelshein, Natalia and Antiga, Luca and Desmaison, Alban and K{\"o}pf, Andreas and Yang, Edward and DeVito, Zach and Raison, Martin and Tejani, Alykhan and Chilamkurthy, Sasank and Steiner, Benoit and Fang, Lu and Bai, Junjie and Chintala, Soumith},
  booktitle = {Advances in Neural Information Processing Systems (NeurIPS)},
  year      = {2019}
}

@book{pml1Book,
 author = "Kevin P. Murphy",
 title = "Probabilistic Machine Learning: An introduction",
 publisher = "MIT Press",
 year = 2022,
 howpublished = {\url{http://probml.github.io/book1}}
}

@book{Goodfellow-et-al-2016,
  title={Deep Learning},
  author={Ian Goodfellow and Yoshua Bengio and Aaron Courville},
  publisher={MIT Press},
  note={\url{http://www.deeplearningbook.org}},
  year={2016}
}

@book{TSA_Box,
 author = {George E. P. Box, Gwilym M. Jenkins, Gregory C. Reinsel and Greta M. Ljung},
 title = {Time Series Analysis: Forecasting and Control},
 edition = {Fifth Edition},
 publisher = {Wiley},
 year = {2015},
}

@book{Forecasting_Hyndman,
 author = {Rob J. Hyndman and George Athanasopoulos},
 title = {Forecasting: principles and practice},
 publisher = {OTexts},
 year = {2013},
}

@book{Forecasting_Brockwell,
 author = {Brockwell P. J. and Davis R. A.},
 title = {Introduction to Time Series and Forecasting},
 edition = {Third Edition},
 publisher = {Springer},
 year = {2016},
}

@book{TSA_Hamilton,
 author = {James D. Hamilton},
 title = {Time Series Analysis},
 publisher = {Princeton University Press},
 year = {1994},
}

@inproceedings{attention_mech,
  title     = {Neural Machine Translation by Jointly Learning to Align and Translate},
  author    = {Bahdanau, Dzmitry and Cho, Kyunghyun and Bengio, Yoshua},
  booktitle = {International Conference on Learning Representations (ICLR)},
  year      = {2015},
}

@article{haoyietal-informerEx-2023,
  author    = {Haoyi Zhou and
               Jianxin Li and
               Shanghang Zhang and
               Shuai Zhang and
               Mengyi Yan and
               Hui Xiong},
  title     = {Expanding the prediction capacity in long sequence time-series forecasting},
  journal   = {Artificial Intelligence},
  volume    = {318},
  pages     = {103886},
  issn      = {0004-3702},
  year      = {2023},
}
